@book{monk,
  title={Programming Arduino},
  author={Monk, Simon},
  year={2012},
  publisher={McGraw-Hill Companies, USA}
}

@article{brock,
  title={Using Arduino for introductory programming courses},
  author={Brock, J Dean and Bruce, Rebecca F and Reiser, Susan L},
  journal={Journal of Computing Sciences in Colleges},
  volume={25},
  number={2},
  pages={129--130},
  year={2009},
  publisher={Consortium for Computing Sciences in Colleges}
}
@Link{
  https://www.chiefdelphi.com/forums/showthread.php?t=109070
  https://www.arduino.cc/en/Tutorial/HomePage
  https://en.wikipedia.org/wiki/Raspberry_Pi
  https://www.youtube.com/watch?v=scpvrDLa1oY
  https://en.wikipedia.org/wiki/Pneumatic_cylinder
  http://forum.arduino.cc/index.php?topic=20919.0
}